@online{RefPisa,
    author    = "El periodico Sociedad Educación",
    title     = "Resultados del informe PISA (por países y por comunidades)",
    howpublished  = {\url{"http://www.animalpolitico.com/2016/09/reforma-educativa-recorte-presupuesto-2017/"}}
}

@online{RefOCDE,
    author    = "Organización para la Cooperación y el Desarrollo Economico",
    title     = "PISA en español",
    url       = "http://www.oecd.org/pisa/pisaenespaol.htm"
}


@online{RefLibrosCantidad,
    author    = "José Ramón Huerta",
    title     = "Qué leemos los mexicanos y por qué",
    url       = "http://contenido.com.mx/2017/03/leemos-los-mexicanos/"
}

@online{RefLibrosHoras,
    author    = "Rodrigo Riquelme",
    title     = "9 datos sobre la lectura en el mundo (incluido México)",
    url       = "https://www.eleconomista.com.mx/politica/9-datos-sobre-la-lectura-en-el-mundo-incluido-Mexico-20161126-0022.html"
}

@online{RefConsti,
    author    = "GrupoFormula",
    title     = "Encuesta UNAM revela mexicanos saben poco de la Constitución.",
    url       = "http://www.radioformula.com.mx/notas.asp?Idn=660351&idFC=2017#"
}

@online{RefParametria,
    author    = "Parametría",
    title     = "Desconocen de qué país se independizó México.",
    url       = "http://www.parametria.com.mx/carta_parametrica.php?cp=4803"
}

@online{RefCultura,
	author    = "Adriana Huerta Núñez",
    title     = "Además de presupuesto, ¿qué le falta a la cultura en México?",
    url       = "https://cuadrivio.net/ademas-de-presupuesto-que-le-falta-a-la-cultura-en-mexico/"
}

@online{RefPer,
    author =       "Dorothée Hefner, Christoph Klimmt, Peter Vorderer",
    title =        "Identification with the Player Character as Determinant of Video Game Enjoyment",
    year =         "2007",
    DOI =          "10.1007/978-3-540-74873-1_6",
    url       = "http://opendl.ifip-tc6.org/db/conf/iwec/icec2007/HefnerKV07.pdf"
}

@online{RefGuacamelee,
	author    = "DrinkBoxStudio",
    title     = "Guacamelee",
    url       = "http://guacamelee.com/"
}

@online{RefNeverAlone,
	author    = "E-line",
    title     = "Never Alone",
    url       = "http://neveralonegame.com/"
}

@online{RefValiantHearts,
	author    = "Ubisoft",
    title     = "Valiant Hearts",
    url       = "https://www.ubisoft.com/es-mx/game/valiant-hearts/"
}

@online{RefOlimpya,
	author    = "Nintendo",
    title     = "Olimpya Rising",
    url       = "https://www.nintendo.com/games/detail/olympia-rising-wii-u#gallery"
}

@online{RefJotun,
	author    = "Thunder Lotus Games",
    title     = "Jotun: Valhalla Edition",
    url       = "http://jotungame.com/"
}

@online{RefMaluka,
	author    = "Lienzo",
    title     = "Maluka",
    url       = "http://www.lienzo.mx/es/mulaka/#/"
}

@online{RefCuphead,
	author    = "MDHR",
    title     = "CupHead",
    url       = "http://www.cupheadgame.com/#"
}

@online{RefSancho,
	author    = "2Dnutz ",
    title     = "Viva Sancho Villa",
    url       = "https://play.google.com/store/apps/details?id=com.Gameblyr.Sancho&hl=es_419"
}
