@misc{RefPisa,
    author    = "El periodico Sociedad Educación",
    title     = "Resultados del informe PISA (por países y por comunidades)",
    url       = "http://www.animalpolitico.com/2016/09/reforma-educativa-recorte-presupuesto-2017/"
}

@misc{RefOCDE,
    author    = "Organización para la Cooperación y el Desarrollo Economico",
    title     = "PISA en español",
    url       = "http://www.oecd.org/pisa/pisaenespaol.htm"
}

@misc{RefLibrosINEGI,
    author    = "Rubén Migueles, Alida Piñón",
    title     = "México lee 3.8 libros al año indica encuesta del INEGI",
    url       = "http://www.eluniversal.com.mx/articulo/cultura/letras/2016/04/16/mexico-lee-38-libros-al-ano-indica-encuesta-de-inegi"
}

@misc{RefLibrosCantidad,
    author    = "José Ramón Huerta",
    title     = "Qué leemos los mexicanos y por qué",
    url       = "http://contenido.com.mx/2017/03/leemos-los-mexicanos/"
}

@misc{RefLibrosHoras,
    author    = "Rodrigo Riquelme",
    title     = "9 datos sobre la lectura en el mundo (incluido México)",
    url       = "https://www.eleconomista.com.mx/politica/9-datos-sobre-la-lectura-en-el-mundo-incluido-Mexico-20161126-0022.html"
}

@misc{RefConsti,
    author    = "GrupoFormula",
    title     = "Encuesta UNAM revela mexicanos saben poco de la Constitución.",
    url       = "http://www.radioformula.com.mx/notas.asp?Idn=660351&idFC=2017#"
}

@misc{RefParametria,
    author    = "Parametría",
    title     = "Desconocen de qué país se independizó México.",
    url       = "http://www.parametria.com.mx/carta_parametrica.php?cp=4803"
}

@misc{RefCultura,
	author    = "Adriana Huerta Núñez",
    title     = "Además de presupuesto, ¿qué le falta a la cultura en México?",
    url       = "https://cuadrivio.net/ademas-de-presupuesto-que-le-falta-a-la-cultura-en-mexico/"
}

@misc{RefPer,
    author =       "Dorothée Hefner, Christoph Klimmt, Peter Vorderer",
    title =        "Identification with the Player Character as Determinant of Video Game Enjoyment",
    year =         "2007",
    DOI =          "10.1007/978-3-540-74873-1_6",
    url       = "http://opendl.ifip-tc6.org/db/conf/iwec/icec2007/HefnerKV07.pdf"
}

@misc{RefGuacamelee,
	author    = "DrinkBoxStudio",
    title     = "Guacamelee",
    url       = "http://guacamelee.com/"
}

@misc{RefNeverAlone,
	author    = "E-line",
    title     = "Never Alone",
    url       = "http://neveralonegame.com/"
}

@misc{RefValiantHearts,
	author    = "Ubisoft",
    title     = "Valiant Hearts",
    url       = "https://www.ubisoft.com/es-mx/game/valiant-hearts/"
}

@misc{RefOlimpya,
	author    = "Nintendo",
    title     = "Olimpya Rising",
    url       = "https://www.nintendo.com/games/detail/olympia-rising-wii-u#gallery"
}

@misc{RefJotun,
	author    = "Thunder Lotus Games",
    title     = "Jotun: Valhalla Edition",
    url       = "http://jotungame.com/"
}

@misc{RefMaluka,
	author    = "Lienzo",
    title     = "Maluka",
    url       = "http://www.lienzo.mx/es/mulaka/#/"
}

@misc{RefCuphead,
	author    = "MDHR",
    title     = "CupHead",
    url       = "http://www.cupheadgame.com/#"
}

@misc{RefSancho,
	author    = "2Dnutz ",
    title     = "Viva Sancho Villa",
    url       = "https://play.google.com/store/apps/details?id=com.Gameblyr.Sancho&hl=es_419"
}

@misc{RefGlobalizacion,
    author    = "Juliana Raigosa Montoya",
    title     = "Pérdida de la diversidad cultural",
    url       = "http://www.elcolombiano.com/historico/perdida_de_la_diversidad_cultural-IWEC_83946"
}

@misc{RefHistoria,
    author    = "Jessica Espinosa",
    title     = "Impulsando la enseñanaza de la historia en México",
    url       = "http://www.eluniversal.com.mx/articulo/cultura/2017/04/12/impulsan-ensenanza-de-la-historia-en-mexico"
}

@misc{ RefModuloLectura,
	author	=	"Instituto Nacional de Estadística y Geografía",
	title	=	"Módulo sobre Lectura (MOLEC). Principales resultados Febrero 2018",
	url		=	"http://internet.contenidos.inegi.org.mx/contenidos/productos/prod_serv/contenidos/espanol/bvinegi/productos/nueva_estruc/promo/resultados_molec_feb18.pdf"
}