@online{Refmetodologia,
    author    = "Rafael Menéndez, Barzanallana Asensio",
    title     = "Metodologías de desarrollo de software.",
    url       = "http://www.unesco.org/new/es/mexico/work-areas/culture/"
}

@online{RefculturaCarac,
    author    = "Puja Mondal",
    title     = "Culture: Characteristics and Classifications of Culture Sociology.",
    url       = "http://www.yourarticlelibrary.com/culture/culture-characteristics-and-classifications-of-culture-sociology/6223"
}

@online{RefculturaClasificacion,
    author    = "Enciclopedia de Clasificaciones",
    title     = "Tipos de culturas.",
    url       = "http://www.tiposde.org/ciencias-sociales/78-tipos-de-cultura/"
}

@online{RefculturaClasificacionEl,
    author    = "El mundo de Tehuacan",
    title     = "Tipos de cultura y cultura híbrida.",
    url       = "http://www.elmundodetehuacan.com/index.php/opinion/opinion-conten-ini/28997-Tipos-de-cultura-y-cultura-h%C3%ADbrida"
}

@online{RefImporCul,
    author    = "S/A",
    title     = "Importancia de la Cultura.",
    url       = "https://www.importancia.org/cultura.php"
}

@online{RefImpoCulAr,
    author    = "Armida García",
    title     = "Importancia del arte y la cultura.",
    url       = "http://www.el-nacional.com/noticias/columnista/importancia-del-arte-cultura_79568"
}

@online{RefImpoUnidad,
    author    = "Juan Mireles",
    title     = "La importancia de preservar nuestra cultura.",
    url       = "http://www.ruizhealytimes.com/cultura-para-todos/la-importancia-de-preservar-nuestra-cultura"
}

@online{RefTipoJugadores,
    author    = "Janaki Kumar, Mario Herger, Rikke Dam",
    title     = "Bartle’s Player Types for Gamification.",
    url       = "https://www.interaction-design.org/literature/article/bartle-s-player-types-for-gamification"
}

@online{RefMecanica,
    author    = "NewVoiceMedia",
    title     = "What are Game Mechanics and Dynamics?",
    url       = "https://www.newvoicemedia.com/online-guides/the-ultimate-guide-to-gamification/what-are-game-mechanics-dynamics"
}

@online{RefDiversion,
    author    = "Nicole Lazzaro",
    title     = "Why We Play Games:Four Keys to More Emotion Without Story",
    year	=	"2004",
    url       = "http://www.xeodesign.com/xeodesign_whyweplaygames.pdf"
}

@online{RefIntroGamificacion,
    author    = "Piet van den Boer",
    title     = "Introduction to gamification",
    url       = "https://cdu.edu.au/olt/ltresources/downloads/whitepaper-introductiontogamification-130726103056-phpapp02.pdf"
}

@book{zichermann2011gamification,
  title={Gamification by design: Implementing game mechanics in web and mobile apps},
  author={Zichermann, Gabe and Cunningham, Christopher},
  year={2011},
  publisher={" O'Reilly Media, Inc"}
}