@online{Ref:MutorGraf,
    author    = {Jeff Ward},
    title     = {What is a Game Engine?},
    url       = {https://www.gamecareerguide.com/features/529/what_is_a_game_.php}
}

@online{Ref_Desarrollo,
    author    = {IGN},
    title     = {The game production pipeline: concept to completion.},
    url       = {http://www.ign.com/articles/2006/03/16/the-game-production-pipeline-concept-to-completion?page=1}
}

@book{Ref:ArquMotor,
    author    = "David Vallejos Fernández, Cleton Martín Angelina",
    title     = "Desarrollo de videojuegos: Arquitectura del motor.",
    year      = "2012",
    publisher = "Universida de Castilla - La Mancha",
    address   = "España"
}

@online{Ref:SDK,
    author    = {Webopedia},
    title     = {SDK - software development kit},
    url       = {https://www.webopedia.com/TERM/S/SDK.html},
    keywords  = {SKD, software}
}

@online{Ref:middleware,
    author    = {Microsoft Azure},
    title     = {¿Qué es middleware?},
    url       = {https://azure.microsoft.com/es-mx/overview/what-is-middleware/},
    keywords  = {Middleware}
}

@online{Ref:Render,
    author    = {3dcadportal},
    title     = {Render-Rendering-Renderizado},
    url       = {http://www.3dcadportal.com/rendering.html},
    keywords  = {Gráficos, render}
}

@online{Ref:Unity,
    author    = {Unity},
    title     = {Requisitos del sistema para la Unity versión},
    url       = {https://unity3d.com/es/unity/system-requirements?_ga=2.28270718.372269580.1509904500-1621154898.1498793137},
    keywords  = {unity}
}

@online{Ref:Unreal,
    author    = {UnrealEngine},
    title     = {Hardware and Software Specifications},
    url       = {https://www.unrealengine.com/en-US/what-is-unreal-engine-4},
    keywords  = {unrealEngine}
}

@online{Ref:CryEngine,
    author    = {CryEngine},
    title     = {Características},
    url       = {https://www.cryengine.com/features},
    keywords  = {CryEngine}
}

@online{Ref:AdobePhotoshop,
	author    = {Adobe},
    title     = {Requisitos del sistema | Versiones de enero de 2018 y octubre de 2017 						de Photoshop CC (19.x)},
    url       = {https://helpx.adobe.com/es/photoshop/system-requirements.html},
    keywords  = {Adobe, Photoshop}
}

@online{Ref:AdobeIlustrator,
	author    = {Adobe},
    title     = {Requisitos del sistema de la versión de marzo de 2018 y octubre de 2017 de Illustrator CC (22.x)},
    url       = {https://helpx.adobe.com/es/illustrator/system-requirements.html},
    keywords  = {Adobe, Ilustrator}
}

@online{Ref:SketchBook,
	author    = {Autodesk},
    title     = {Requisitos del sistema de Autodesk SketchBook},
    url       = {https://knowledge.autodesk.com/es/search-result/caas/sfdcarticles/sfdcarticles/ESP/System-requirements-for-Autodesk-SketchBook-Pro.html},
    keywords  = {Autodesk SketchBook}
}

@online{Ref:Blender,
	author    = {Blender},
    title     = {Requirements},
    url       = {https://www.blender.org/download/requirements/},
    keywords  = {Blender}
}

@online{Ref:Maya,
	author    = {Maya},
    title     = {Requisitos del sistema de Autodesk Maya},
    url       = {https://knowledge.autodesk.com/es/support/maya/learn-explore/caas/sfdcarticles/sfdcarticles/ESP/System-requirements-for-Autodesk-Maya.html},
    keywords  = {Maya}
}

@online{Ref:Ardour,
	author    = {Ardour},
    title     = {System Requirements},
    url       = {https://ardour.org/requirements.html},
    keywords  = {Ardour}
}