@book{RefMexicasMito,
    title= "Azteca Mitología",
    author= "Luis Guzmán",
    isbn="9789871093946",
    year="2008",
    publisher="Gradifico"
}

@book{RefMexicasMigra,
    title= "La migración de los mexicas",
    author= "Federico Navarrete Linares",
    isbn= "9701802489",
    year= "1999",
    publisher= "Tercer Milenio"
}

@book{RefMexicasSol,
    title= "El pueblo del sol",
    author= "Alfonso Caso",
    isbn= "9789681629014",
    year= "2014",
    publisher= "Fondo de cultura económica"
}

@book{RefCivilAztea,
    title= "La civilización Azteca",
    author= "George C. Vaillant",
    year= "1977",
    publisher= "Fondo de cultura económica"
}

@book{RefStoyBoard,
    title= "Fundamentos de la animación",
    author= "Paul Wallis",
    isbn= "9788434229419",
    year= "2009",
    publisher= "Parramón"
}

@online{RefCOPPA,
    author    = "COPPA",
    title     = "Children's Online Privacy Protection Rule",
    url       = "https://www.ftc.gov/enforcement/rules/rulemaking-regulatory-reform-proceedings/childrens-online-privacy-protection-rulem"
}

@book{RefHeroe,
    title= "El héroe de las mil caras",
    author= "Joseph Campbell",
    year= "1959",
    publisher= "Fondo de cultura económica"
}