@online{RefNetwork,
    author    = "Computer Hope",
    title     = "Network",
    howpublished  = {\url{"https://www.computerhope.com/jargon/n/network.htm"}}
}
